<?xml version="1.0" encoding="utf-8"?>
<Document>
	<CstmrCdtTrfInitn>
		<GrpHdr>
			<MsgId>ZABA-S-2020-05-22-17-43-15.xml-2</MsgId>
			<CreDtTm>2020-05-22T15:43:24</CreDtTm>
			<NbOfTxs>14</NbOfTxs>
			<CtrlSum>40316.40</CtrlSum>
			<InitgPty>
				<Nm>CRONUS Hrvatska d.o.o.</Nm>
				<Id>
					<OrgId>
						<Othr>
							<Id>84252943546</Id>
							<SchmeNm>
								<Cd>TXID</Cd>
							</SchmeNm>
						</Othr>
					</OrgId>
				</Id>
			</InitgPty>
		</GrpHdr>
		<PmtInf>
			<PmtInfId>Group 3</PmtInfId>
			<PmtMtd>TRF</PmtMtd>
			<BtchBookg>false</BtchBookg>
			<NbOfTxs>6</NbOfTxs>
			<CtrlSum>35721.68</CtrlSum>
			<PmtTpInf>
				<InstrPrty>NORM</InstrPrty>
			</PmtTpInf>
			<ReqdExctnDt>2017-08-10</ReqdExctnDt>
			<Dbtr>
				<Nm>CRONUS Hrvatska d.o.o.</Nm>
				<PstlAdr>
					<Ctry>HR</Ctry>
					<AdrLine>Strojarska 20</AdrLine>
					<AdrLine>10000 Zagreb</AdrLine>
				</PstlAdr>
				<Id>
					<OrgId>
						<Othr>
							<Id>84252943546</Id>
							<SchmeNm>
								<Cd>TXID</Cd>
							</SchmeNm>
						</Othr>
					</OrgId>
				</Id>
			</Dbtr>
			<DbtrAcct>
				<Id>
					<IBAN>HR3324840081104113798</IBAN>
				</Id>
				<Ccy>HRK</Ccy>
			</DbtrAcct>
			<DbtrAgt>
				<FinInstnId>
					<BIC>ZABAHR2X</BIC>
				</FinInstnId>
			</DbtrAgt>
		</PmtInf>
		<PmtInf>
			<PmtInfId>Group 4</PmtInfId>
			<PmtMtd>TRF</PmtMtd>
			<BtchBookg>true</BtchBookg>
			<NbOfTxs>8</NbOfTxs>
			<CtrlSum>4594.72</CtrlSum>
			<PmtTpInf>
				<InstrPrty>NORM</InstrPrty>
				<CtgyPurp>
					<Cd>SALA</Cd>
				</CtgyPurp>
			</PmtTpInf>
			<ReqdExctnDt>2017-08-10</ReqdExctnDt>
			<Dbtr>
				<Nm>CRONUS Hrvatska d.o.o.</Nm>
				<PstlAdr>
					<Ctry>HR</Ctry>
					<AdrLine>Strojarska 20</AdrLine>
					<AdrLine>10000 Zagreb</AdrLine>
				</PstlAdr>
				<Id>
					<OrgId>
						<Othr>
							<Id>84252943546</Id>
							<SchmeNm>
								<Cd>TXID</Cd>
							</SchmeNm>
						</Othr>
					</OrgId>
				</Id>
			</Dbtr>
			<DbtrAcct>
				<Id>
					<IBAN>HR3324840081104113798</IBAN>
				</Id>
				<Ccy>HRK</Ccy>
			</DbtrAcct>
			<DbtrAgt>
				<FinInstnId>
					<BIC>ZABAHR2X</BIC>
				</FinInstnId>
			</DbtrAgt>
			<UltmtDbtr>
				<Id>
					<OrgId>
						<Othr>
							<Id>84252943546</Id>
						</Othr>
					</OrgId>
				</Id>
			</UltmtDbtr>
			<CdtTrfTxInf>
				<PmtId>
					<InstrId>220520-PLACA-70001</InstrId>
					<EndToEndId>HR6741289820841-17222-0</EndToEndId>
				</PmtId>
				<Amt>
					<InstdAmt Ccy="HRK">1217.36</InstdAmt>
				</Amt>
				<ChrgBr>SLEV</ChrgBr>
				<CdtrAgt>
					<FinInstnId>
						<BIC>ZABAHR2X</BIC>
						<Nm>ZAGREBAČKA BANKA d.d. Zagreb</Nm>
						<PstlAdr>
							<Ctry>HR</Ctry>
							<AdrLine>Zagreb</AdrLine>
						</PstlAdr>
					</FinInstnId>
				</CdtrAgt>
				<Cdtr>
					<Nm>ZAGREBAČKA BANKA d.d. Zagreb</Nm>
					<PstlAdr>
						<Ctry>HR</Ctry>
						<AdrLine>Zagreb</AdrLine>
					</PstlAdr>
					<Id>
						<OrgId>
							<BICOrBEI>ZABAHR2X</BICOrBEI>
						</OrgId>
					</Id>
				</Cdtr>
				<CdtrAcct>
					<Id>
						<IBAN>HR5423600003234119563</IBAN>
					</Id>
				</CdtrAcct>
				<Purp>
					<Cd>SALA</Cd>
				</Purp>
				<RmtInf>
					<Strd>
						<CdtrRefInf>
							<Tp>
								<CdOrPrtry>
									<Cd>SCOR</Cd>
								</CdOrPrtry>
							</Tp>
							<Ref>HR6940002-41289820841-100</Ref>
						</CdtrRefInf>
						<AddtlRmtInf>100-Osobno primanje ispla eno u cijelosti</AddtlRmtInf>
					</Strd>
				</RmtInf>
			</CdtTrfTxInf>
			<CdtTrfTxInf>
				<PmtId>
					<InstrId>220520-PLACA-80001</InstrId>
					<EndToEndId>HR6741289820841-17222-0</EndToEndId>
				</PmtId>
				<Amt>
					<InstdAmt Ccy="HRK">360.00</InstdAmt>
				</Amt>
				<ChrgBr>SLEV</ChrgBr>
				<CdtrAgt>
					<FinInstnId>
						<BIC>ZABAHR2X</BIC>
						<Nm>ZAGREBAČKA BANKA d.d. Zagreb</Nm>
						<PstlAdr>
							<Ctry>HR</Ctry>
							<AdrLine>Zagreb</AdrLine>
						</PstlAdr>
					</FinInstnId>
				</CdtrAgt>
				<Cdtr>
					<Nm>ZAGREBAČKA BANKA d.d. Zagreb</Nm>
					<PstlAdr>
						<Ctry>HR</Ctry>
						<AdrLine>Zagreb</AdrLine>
					</PstlAdr>
					<Id>
						<OrgId>
							<BICOrBEI>ZABAHR2X</BICOrBEI>
						</OrgId>
					</Id>
				</Cdtr>
				<CdtrAcct>
					<Id>
						<IBAN>HR5423600003234119563</IBAN>
					</Id>
				</CdtrAcct>
				<Purp>
					<Cd>SALA</Cd>
				</Purp>
				<RmtInf>
					<Strd>
						<CdtrRefInf>
							<Tp>
								<CdOrPrtry>
									<Cd>SCOR</Cd>
								</CdOrPrtry>
							</Tp>
							<Ref>HR6940002-41289820841-190</Ref>
						</CdtrRefInf>
						<AddtlRmtInf>190-Prijevoz</AddtlRmtInf>
					</Strd>
				</RmtInf>
			</CdtTrfTxInf>
			<CdtTrfTxInf>
				<PmtId>
					<InstrId>220520-PLACA-90001</InstrId>
					<EndToEndId>HR6741289820841-17222-0</EndToEndId>
				</PmtId>
				<Amt>
					<InstdAmt Ccy="HRK">360.00</InstdAmt>
				</Amt>
				<ChrgBr>SLEV</ChrgBr>
				<CdtrAgt>
					<FinInstnId>
						<BIC>ZABAHR2X</BIC>
						<Nm>ZAGREBAČKA BANKA d.d. Zagreb</Nm>
						<PstlAdr>
							<Ctry>HR</Ctry>
							<AdrLine>Zagreb</AdrLine>
						</PstlAdr>
					</FinInstnId>
				</CdtrAgt>
				<Cdtr>
					<Nm>ZAGREBAČKA BANKA d.d. Zagreb</Nm>
					<PstlAdr>
						<Ctry>HR</Ctry>
						<AdrLine>Zagreb</AdrLine>
					</PstlAdr>
					<Id>
						<OrgId>
							<BICOrBEI>ZABAHR2X</BICOrBEI>
						</OrgId>
					</Id>
				</Cdtr>
				<CdtrAcct>
					<Id>
						<IBAN>HR8823600001000000013</IBAN>
					</Id>
				</CdtrAcct>
				<Purp>
					<Cd>SALA</Cd>
				</Purp>
				<RmtInf>
					<Strd>
						<CdtrRefInf>
							<Tp>
								<CdOrPrtry>
									<Cd>SCOR</Cd>
								</CdOrPrtry>
							</Tp>
							<Ref>HR6940002-41289820841-190</Ref>
						</CdtrRefInf>
						<AddtlRmtInf>190-Prijevoz</AddtlRmtInf>
					</Strd>
				</RmtInf>
			</CdtTrfTxInf>
			<CdtTrfTxInf>
				<PmtId>
					<InstrId>220520-PLACA-100001</InstrId>
					<EndToEndId>HR6741289820841-17222-0</EndToEndId>
				</PmtId>
				<Amt>
					<InstdAmt Ccy="HRK">360.00</InstdAmt>
				</Amt>
				<ChrgBr>SLEV</ChrgBr>
				<CdtrAgt>
					<FinInstnId>
						<BIC>ZABAHR2X</BIC>
						<Nm>ZAGREBAČKA BANKA d.d. Zagreb</Nm>
						<PstlAdr>
							<Ctry>HR</Ctry>
							<AdrLine>Zagreb</AdrLine>
						</PstlAdr>
					</FinInstnId>
				</CdtrAgt>
				<Cdtr>
					<Nm>ZAGREBAČKA BANKA d.d. Zagreb</Nm>
					<PstlAdr>
						<Ctry>HR</Ctry>
						<AdrLine>Zagreb</AdrLine>
					</PstlAdr>
					<Id>
						<OrgId>
							<BICOrBEI>ZABAHR2X</BICOrBEI>
						</OrgId>
					</Id>
				</Cdtr>
				<CdtrAcct>
					<Id>
						<IBAN>HR5923600008959874855</IBAN>
					</Id>
				</CdtrAcct>
				<Purp>
					<Cd>SALA</Cd>
				</Purp>
				<RmtInf>
					<Strd>
						<CdtrRefInf>
							<Tp>
								<CdOrPrtry>
									<Cd>SCOR</Cd>
								</CdOrPrtry>
							</Tp>
							<Ref>HR6940002-41289820841-190</Ref>
						</CdtrRefInf>
						<AddtlRmtInf>190-Prijevoz</AddtlRmtInf>
					</Strd>
				</RmtInf>
			</CdtTrfTxInf>
		</PmtInf>
	</CstmrCdtTrfInitn>
</Document>